@article{2020_Bernholdt_CCPE,
  author = {Bernholdt, David E. and Boehm, Swen and Bosilca, George and
            Gorentla Venkata, Manjunath and Grant, Ryan E. and Naughton, Thomas and
            Pritchard, Howard P. and Schulz, Martin and Vallee, Geoffroy R.},
  title = {{A survey of MPI usage in the US exascale computing project}},
  journal = {Concurrency and Computation: Practice and Experience},
  volume = {32},
  number = {3},
  pages = {1-16},
  keywords = {exascale, MPI},
  doi = {https://doi.org/10.1002/cpe.4851},
  url = {https://onlinelibrary.wiley.com/doi/abs/10.1002/cpe.4851},
  eprint = {https://onlinelibrary.wiley.com/doi/pdf/10.1002/cpe.4851},
  note = {e4851 cpe.4851},
  year = {2020}
}

@webpage{2022_MPI,
    date-added = {2022-02-23 15:39:19 -0400},
    date-modified = {2022-02-23 15:39:57 -0400},
    keywords = {MPI},
    title = {{Message Passing Interface}},
    url = {http://www.mpi-forum.org},
    year = {2022},
    Bdsk-Url-1 = {http://www.mpi-forum.org}
}

@article{LogGP,
  title = {{LogGP: Incorporating Long Messages into the LogP Model for Parallel Computation}},
  journal = {Journal of Parallel and Distributed Computing},
  volume = {44},
  number = {1},
  pages = {71-79},
  year = {1997},
  issn = {0743-7315},
  doi = {https://doi.org/10.1006/jpdc.1997.1346},
  url = {https://www.sciencedirect.com/science/article/pii/S0743731597913460},
  author = {Albert Alexandrov and Mihai F. Ionescu and Klaus E. Schauser and Chris Scheiman},
}

@inproceedings{PLogGP,
  author = {Schonbein, Whit and Levy, Scott and Dosanjh, Matthew G. F. and Marts, W. Pepper and Reid, Elizabeth and Grant, Ryan E.},
  title = {{Modeling and Benchmarking the Potential Benefit of Early-Bird Transmission in Fine-Grained Communication}},
  year = {2023},
  isbn = {9798400708435},
  publisher = {Association for Computing Machinery},
  address = {New York, NY, USA},
  url = {https://doi-org.proxy.queensu.ca/10.1145/3605573.3605618},
  doi = {10.1145/3605573.3605618},
  booktitle = {Proceedings of the 52nd International Conference on Parallel Processing},
  pages = {306–316},
  numpages = {11},
  location = {Salt Lake City, UT, USA},
  series = {ICPP '23}
}

@article{Hockney,
  title = {{The communication challenge for MPP: Intel Paragon and Meiko CS-2}},
  journal = {Parallel Computing},
  volume = {20},
  number = {3},
  pages = {389-398},
  year = {1994},
  issn = {0167-8191},
  doi = {https://doi.org/10.1016/S0167-8191(06)80021-9},
  url = {https://www.sciencedirect.com/science/article/pii/S0167819106800219},
  author = {Roger W. Hockney},
  keywords = {Communication performance, COMMS1 benchmark, Massively-parallel processors, Latency, Intel iPSC/860, Intel Paragon, Meiko CS-2, Cray-C90},
}

%TODO: update
@inproceedings{Wilkins2023Generalized,
  title={{Generalized Collective Algorithms for the Exascale Era}},
  author={Michael Wilkins and Hanming Wang and Peizhi Liu and Bangyen Pham and Yanfei Guo and Rajeev Thakur and Peter A. Dinda and Nikos Hardavellas},
  booktitle={2023 IEEE International Conference on Cluster Computing (CLUSTER)},
  year={2023},
  url={https://api.semanticscholar.org/CorpusID:261623500}
}

@ARTICLE {BruckAlgo,
  author = {J. Bruck and E. Upfal and C. Ho and D. Weathersby and S. Kipnis},
  journal = {IEEE Transactions on Parallel \& Distributed Systems},
  title = {{Efficient Algorithms for All-to-All Communications in Multiport Message-Passing Systems}},
  year = {1997},
  volume = {8},
  number = {11},
  issn = {1558-2183},
  pages = {1143-1156},
  doi = {10.1109/71.642949},
  publisher = {IEEE Computer Society},
  address = {Los Alamitos, CA, USA},
  month = {nov}
}

@article{Colls_In_MPICH,
  author = {Thakur, Rajeev and Rabenseifner, Rolf and Gropp, William},
  title = {Optimization of Collective Communication Operations in MPICH},
  year = {2005},
  issue_date = {February  2005},
  publisher = {Sage Publications, Inc.},
  address = {USA},
  volume = {19},
  number = {1},
  issn = {1094-3420},
  url = {https://doi.org/10.1177/1094342005051521},
  doi = {10.1177/1094342005051521},
  journal = {Int. J. High Perform. Comput. Appl.},
  month = {feb},
  pages = {49–66},
  numpages = {18},
  keywords = {MPI, message passing, reduction, Collective communication}
}
